% BibTeX database for AFT at i3A

%% bibtexfile{
%%  author	= " ",
%%  version	= "1.0",
%%  date	= "10 April 2003",
%%  filename	= "fuzzy.bib",
%%  adress	= "Fachhochschule Trier
%%		   University of Applied Sciences Trier
%%		   Postfach 1826
%%		   D-54208 Trier
%%		   Germany",
%%  email	= "<i3a.fh-trier.de>" }


% How to use this file within an german document!
%
% - set 'german' as global option to documentclass
%   e.g.: '\documentclass[12pt,a4paper,oneside,german,epsfig]{ai-paper}'
% - use package 'babel': '\usepackage{babel}'
% - use package 'bibgerm': '\usepackage{bibgerm}'
% - use bibstyle 'geralpha', 'gerplain', ...
%   e.g.: '\bibliographystyle{geralpha}'
%
% Within this .bib-file use 'and' to specify more than one author. 
% You have to use only the english abbreviations WITHOUT curly brackets
% for months! e.g.: 'jan', 'feb', 'mar', 'apr', 'mai', 'jun', 'jul',
% 'aug', 'sep', 'oct', 'nov', 'dec'.



% Short explanation of entry types:
%
% Article:          An article from a journal or magazine.
% Book:             A Book with an explicit publisher.
% Booklet:          A work that is printed and bound, but without a 
%                   named publisher or sponsoring institution.
% InBook:           A part of a book which may be a chapter (or section
%                   or whatever) and/or a range of pages.
% InCollection:     A part of a book having ots own title.
% InProceedings:    An article in a conference proceedings.
% Manual:           Technical documentation.
% Mastersthesis:    A Master's thesis.
% Misc:             Use this type when nothing else fits.
% PhDthesis:        A PhD thesis.
% Proceedings:      The proceedings of a conference. See also: inproceedings.
% Techreport:       A report published by a school or other institution, 
%                   usally numbered within a series.
%
% Further Information may be found at www.din1505.informationskompetenz.net



%%%%%%%% article
%%
%% An article from a journal or magazine.
%%
%% Required fields:
%% author, title, journal, year
%%
%% Optional fields:
%% volume, number, pages, month, note


%%%%%%%% book
%%
%% A Book with an explicit publisher.
%%
%% Required fields:
%% author or editor, title, publisher, year
%%
%% Optional fields:
%% volume or number, series, address, edition, month, isbn, note

@book{Cormen:90,
  author	= {Thomas H. Cormen and Charles E. Leiserson and Ronald L. Rivest},
  title		= {{Introduction to Algorithms}},
  year		= 1990,
  isbn		= {0-262-03141-8}
}

@book{Cormen:90,
	author	= {Thomas H. Cormen and Charles E. Leiserson and Ronald L. Rivest},
	title		= {{Algorithmen - Die Einführung}},
	year		= 2010,
	isbn		= {978-3-486-59002-9}
}


%%%%%%%% booklet
%%
%% A work that is printed and bound, but without a named publisher or
%% sponsoring institution.
%%
%% Required fields:
%% title
%%
%% Optional fields:
%% author, howpublished, address, month, year, note



%%%%%%%% inbook
%%
%% A part of a book which may be a chapter (or section or whatever) and/or 
%% a range of pages.
%%
%% Required fields:
%% author or editor, title, chapter and/or pages, publisher, year
%%
%% Optional fields:
%% volume or number, series, type, address, edition, month, note



%%%%%%%% incollection
%%
%% A part of a book having its own title.
%%
%% Required fields:
%% author, title, booktitle, publisher, year
%%
%% Optional fields:
%% editor, volume or number, series, type, chapter, pages, address, 
%% edition, month, note




%%%%%%%% inproceedings
%%
%% An article in a conference preceedings.
%%
%% Required fields:
%% author, title, booktitle, year
%%
%% Optional fields:
%% editor, volume or number, series, pages, address, month, organization, 
%% publisher, note

%%%%%%%% manual
%%
%% Technical documentation.
%%
%% Required fields:
%% title
%%
%% Optional fields:
%% author, editor, organization, address, edition, month, year, note

%%%%%%%% mastersthesis
%%
%% A Master's thesis.
%%
%% Required fields:
%% author, title, school, year
%%
%% Optional fields:
%% type, address, month, note

%%%%%%%% misc
%%
%% Use this type when nothing else fits.
%%
%% Required fields:
%% none.
%%
%% Optional fields:
%% author, title, url, month, year, note

@misc{Wikipedia:15},
	title={{Wikipedia - Online Lexikon}},
	url={de.wikipedia.org/wiki/B-Baum},
	note={\\ {\url{de.wikipedia.org/wiki/B-Baum}}}
}

@misc{Schroeder:03},
	author	={U.-P. Schroeder},
	title		= {{B-baeume}},
	url			={http://www2.cs.uni-paderborn.de/cs/ag-monien/LEHRE/SS03/DuA/B-baeume.pdf},
	note		={Universität Paderborn
						\\ \url{http://www2.cs.uni-paderborn.de/cs/ag-monien/LEHRE/SS03/DuA/B-baeume.pdf}},
	year		={2003}
}

@misc{Ottmann:00],
	author	={Th. Ottmann},
	title		= {{Vorlesung Informatik 2
	Algorithmen und Datenstrukturen}},
	url			={https://www.google.de/url?sa=t&rct=j&q=&esrc=s&source=web&cd=3&cad=rja&uact=8&ved=0CDUQFjAC&url=https%3A%2F%2Felectures.informatik.uni-freiburg.de%2Fportal%2Fdownload%2F59%2F6149%2FINFO2-19-B_Baeume_4up.pdf&ei=sS1bVdD1DsOiyAPzuYCYCA&usg=AFQjCNGJiBtWPQO_C0f1ViSUSIHS9Sgx1w},
	note		={Institut f\"ur Informatik Freiburg
	\\ \url{https://www.google.de/url?sa=t&rct=j&q=&esrc=s&source=web&cd=3&cad=rja&uact=8&ved=0CDUQFjAC&url=https%3A%2F%2Felectures.informatik.uni-freiburg.de%2Fportal%2Fdownload%2F59%2F6149%2FINFO2-19-B_Baeume_4up.pdf&ei=sS1bVdD1DsOiyAPzuYCYCA&usg=AFQjCNGJiBtWPQO_C0f1ViSUSIHS9Sgx1w}}
}

@misc{Thoma:12},
	author	={Martin Thoma},
	title		= {{B-B\"aume}},
	url			={http://martin-thoma.com/b-baume/#tocAnchor-1-2},
	note		={A blog about Code, the Web and Cyberculture.
	\\ \url{http://martin-thoma.com/b-baume/#tocAnchor-1-2}},
	year		={2012}
}

@phdthesis{Trebing:02},
	author	={Lars Trebing},
	title		= {{B-B\"aume und Datenbanken}},
	school ={Technische Universität München}
	url			={http://www.ltrebing.de/studium/02ws/b-baeume/#datenbanken},
	note		={TU München
	\\ \url{http://www.ltrebing.de/studium/02ws/b-baeume/#datenbanken}},
	year		={2002}
}

%%%%%%%% phdthesis
%%
%% A PhD thesis.
%%
%% Required fields:
%% author, title, school, year
%% 
%% Optional fields:
%% type, address, month, note

%%%%%%%% proceedings
%%
%% The proceedings of a conference. See also: inproceedings.
%%
%% Required fields:
%% title, year
%%
%% Optional fields:
%% editor, volume or number, series, address, month, organization, publisher, note

%%%%%%%% techreport
%%
%% A report published by a school or other institution, usally 
%% numbered within a series.
%%
%% Required fields:
%% author, title, institution, year
%%
%% Optional fields:
%% type, number, address, month, note